%-----------------------EJEMPLO PAGINA WEB----------------------%
@online{ ANSI2020Acoustical,
    author = {Alexandra Schirn},
    title = {ANSI/ASA S12.60/Part 1-2010 (R2020): Acoustical Performance},
    year = {2023},
    url = {https://blog.ansi.org/ansi/ansi-asa-s12-60-part-1-2010-r2020-school-acoustics/}
}

@techreport{epacartagena2015,
    author = {{EPA Cartagena}},
    title = {Lineamientos de ruido. Tomo V},
    institucion = {Observatorio Ambiental de Cartagena},
    year = {2015},
    url = {https://observatorio.epacartagena.gov.co/ftp-uploads/dt-tomo-v-lineamientos-de-ruido-20151312.pdf},
    note = {Documento en formato PDF},
}

%-------------------EJEMPLO ARTICULO CIENTIFICO------------------%
@article{barca2015ventajas,
  title={ejemplo},
  author={ejemplo},
  journal={ejemplo},
  number={2},
  pages={137--147},
  year={2015},
  publisher={ejemplo}
}

%-------------------------EJEMPLO TESIS--------------------------%
@mastersthesis{marcelo2009ruido,
  title={Marcelo, Q. G., De Arquitectura Y Urbanismo, F., & De Diseño, E. (2009). El ruido como problema en el aprendizaje: — personalización masiva, modelamiento paramétrico y diseño generativo enfocados al desarrollo de paneles acústicos para salas de clase. https://repositorio.uchile.cl/handle/2250/100197},
  author={Lucic Oliva, Yerko Damián},
  school={Universidad de Chile},
  type={{B.S.} thesis},
  year={2009}
}

@tesis{carpio2025,
    author = {Carpio, Tito Erick and Carranza, Xiomara Alejandra and Flores, Bryan Salvador and Rodríguez, Fernando Andrés },
    title = {Sistema de monitoreo de ruido en edificio Jon de Cortina},
    type = {Trabajo de graduación de Ingeniería },
    institucion = {Universidad Centroamericana José Simeón Cañas},
    year = {2025},
    note = {Tesis de pregrado},
}